<?xml version="1.0" encoding="UTF-8"?><record xmlns="http://www.loc.gov/MARC21/slim" xmlns:cinclude="http://apache.org/cocoon/include/1.0" xmlns:zs="http://www.loc.gov/zing/srw/">
  <leader>00434cz  a2200145n  4500</leader>
  <controlfield tag="001">n  86840847 </controlfield>
  <controlfield tag="003">DLC</controlfield>
  <controlfield tag="005">20080420081647.0</controlfield>
  <controlfield tag="008">860717n| acannaabn          |a aad      </controlfield>
  <datafield tag="010" ind1=" " ind2=" ">
    <subfield code="a">n  86840847 </subfield>
  </datafield>
  <datafield tag="035" ind1=" " ind2=" ">
    <subfield code="a">(OCoLC)oca01636835</subfield>
  </datafield>
  <datafield tag="040" ind1=" " ind2=" ">
    <subfield code="a">DLC</subfield>
    <subfield code="b">eng</subfield>
    <subfield code="c">DLC</subfield>
    <subfield code="d">OCoLC</subfield>
  </datafield>
  <datafield tag="100" ind1="1" ind2=" ">
    <subfield code="a">Gucht, W. van</subfield>
  </datafield>
  <datafield tag="400" ind1="1" ind2=" ">
    <subfield code="a">Van Gucht, W.</subfield>
  </datafield>
  <datafield tag="670" ind1=" " ind2=" ">
    <subfield code="a">nuc86-66770: Egypt and the Hellenistic world, 1983</subfield>
    <subfield code="b">(hdg. on MoU rept.: Gucht, W. van; usage: W. Van Gucht)</subfield>
  </datafield>
</record>